@misc{ UCSC,
title     = "{UCSC Genome Bioinformatics}",
note      = "\begin{small}\texttt{http://genome.ucsc.edu/}\end{small}"
}

@misc{ NCBI,
title     = "{National Center for Biotechnology Information}",
note      = "\begin{small}\texttt{http://www.ncbi.nlm.nih.gov/}\end{small}"
}

@misc{ BIOPYTHON,
title     = "Biopython",
note      = "\begin{small}\texttt{http://biopython.org/}\end{small}"
}

@misc{ TAL,
title     = "{SimpleTAL}",
note      = "\begin{small}\texttt{http://www.owlfish.com/software/simpleTAL/}
             \end{small}"
}

@misc{ HGVS,
title     = "{Human Genome Variation Society}",
note      = "\begin{small}\texttt{http://www.hgvs.org/}\end{small}"
}

@misc{ PYPARSING,
title     = "Pyparsing",
note      = "\begin{small}\texttt{http://pyparsing.wikispaces.com/}\end{small}"
}

@article{ BNF,
author    = "Blavier, A.",
title     = "{BNF for the HGVS nomenclature.}",
journal   = "Internal document",
}

@article{ API,
author    = "Laros, J.F.J.",
title     = "Mutalyzer 2.0 {API} documentation.",
journal   = "Internal document",
year      = 2010
}

@article{ LOVD,
author    = "Fokkema, I.F.A.C and {den} Dunnen, J.T. and Taschner, P.E.M.",
title     = "{LOVD}: easy creation of a locus-specific sequence variation
             database using an ``{LSDB-in-a-Box}'' approach.",
journal   = "Human Mutation",
volume    = 26,
number    = 2,
pages     = "63--68",
year      = 2005 
}

@article{ NOM1,
author    = "{den} Dunnen, J.T. and Antonarakis, S.E.",
title     = "Mutation nomenclature extensions and suggestions to describe
             complex mutations: {A} discussion.",
journal   = "Human Mutation",
volume    = 15,
pages     = "7--12",
year      = 2000 
}

@article{ NOM2,
author    = "Antonarakis, S.E. and {the Nomenclature Working Group}",
title     = "Recommendations for a Nomenclature System for Human Gene
             Mutations.",
journal   = "Human Mutation",
volume    = 11,
pages     = "1--3",
year      = 1998
}

@article{ NOM3,
author    = "Beaudet, A.L. and {the Ad Hoc Committee on Mutation Nomenclature}",
title     = "Update on nomenclature for human gene mutations.",
journal   = "Human Mutation",
volume    = 8,
pages     = "197--202",
year      = 1996 
}

@article{ NOM4,
author    = "Beutler, E. and McKusick, V.A. and Motulsky, A. and Scriver, C.R. 
             and Hutchinson, F.",
title     = "Mutation nomenclature: nicknames, systematic names and unique
             identifiers.",
journal   = "Human Mutation",
volume    = 8,
pages     = "203--206",
year      = 1996 
}

@article{ NOM5,
author    = "Antonarakis, S.E. and McKusick, V.A.",
title     = "Discussion on mutation nomenclature.",
journal   = "Human Mutation",
volume    = 4,
pages     = "166",
year      = 1994 
}

@article{ NOM6,
author    = "Beaudet, A.L. and Tsui, L.C.",
title     = "A suggested nomenclature for designating mutations.",
journal   = "Human Mutation",
volume    = 2,
pages     = "245",
year      = 1993 
}

@article{ NOM7,
author    = "Beutler, E.",
title     = "The designation of mutations.",
journal   = "American Journal of Human Genetics",
volume    = 53,
pages     = "783--785",
year      = 1993 
}
