@unpublished{elzanowski-2010,
    title = {{T}he {G}enetic {C}odes},
    author = {Andrzej (Anjay) Elzanowski and Jim Ostell},
    month = jul # "~07,",
    year = {2010},
    note = {\url{http://www.ncbi.nlm.nih.gov/Taxonomy/Utils/wprintgc.cgi?mode=c}}
}

@article{slavoff-2013,
author = {Slavoff SA and Mitchell AJ and Schwaid AG and Cabili MN and Ma J and Levin JZ and Karger AD and Budnik BA and Rinn JL and Saghatelian A},
title = {Peptidomic discovery of short open reading frame-encoded peptides in human cells},
volume = {9},
number = {1},
pages = {59-64},
year = {2013},
journal = {Nature chemical biology}
}
